@book{VT,
  author = {Jean-Pierre Aubin},
  editor = {},
  publisher = {Birkh√§user Boston, MA},
  title = {Viability Theory},
  year = {2009}
}